<?xml version="1.0" encoding="UTF-8"?><collection xmlns="http://www.loc.gov/MARC21/slim"><record><leader>00395nam--2200145-i-4500</leader><controlfield tag="001">000005138</controlfield><controlfield tag="002">20161230</controlfield><controlfield tag="005">20170122110659</controlfield><controlfield tag="008">060222s1000------------r-----000-0-eng-d</controlfield><datafield ind1=" " ind2=" " tag="100"><subfield code="a">Brelot, Marcel</subfield></datafield><datafield ind1=" " ind2=" " tag="245"><subfield code="a">Seminaire de theorie du potentiel dirige par</subfield></datafield><datafield ind1=" " ind2=" " tag="260"><subfield code="a">Paris</subfield><subfield code="b">Secretariat Mathematique</subfield><subfield code="c">1958-1959</subfield></datafield><datafield ind1=" " ind2=" " tag="700"><subfield code="a">Choquet, G</subfield></datafield><datafield ind1=" " ind2=" " tag="852"><subfield code="a">15691</subfield><subfield code="c">517.53</subfield></datafield><datafield ind1=" " ind2=" " tag="CAT"><subfield code="a">SYS</subfield><subfield code="c">20170122</subfield><subfield code="h">110659</subfield></datafield></record></collection>